@book{eghbal2020working,
  author    = {Eghbal, Nadia},
  title     = {Working in Public: The Making and Maintenance of Open Source Software},
  isbn      = {9780578675862},
  year      = {2020},
  publisher = {Stripe Press}
}
